<?xml version="1.0" encoding="UTF-8"?>
  <record xmlns="http://www.loc.gov/MARC21/slim" type="Authority">
    <leader>00000nz  a2200000nc 4500</leader>
    <controlfield tag="001">116661283</controlfield>
    <controlfield tag="003">DE-101</controlfield>
    <controlfield tag="005">20220310174518.0</controlfield>
    <controlfield tag="008">960321n||aznnnaabn           | aaa    |c</controlfield>
    <datafield tag="024" ind1="7" ind2=" ">
      <subfield code="a">116661283</subfield>
      <subfield code="0">http://d-nb.info/gnd/116661283</subfield>
      <subfield code="2">gnd</subfield>
    </datafield>
    <datafield tag="035" ind1=" " ind2=" ">
      <subfield code="a">(DE-101)116661283</subfield>
    </datafield>
    <datafield tag="035" ind1=" " ind2=" ">
      <subfield code="a">(DE-588)116661283</subfield>
    </datafield>
    <datafield tag="035" ind1=" " ind2=" ">
      <subfield code="z">(DE-588a)116661283</subfield>
      <subfield code="9">v:zg</subfield>
    </datafield>
    <datafield tag="040" ind1=" " ind2=" ">
      <subfield code="a">DE-611</subfield>
      <subfield code="c">DE-611</subfield>
      <subfield code="9">r:DE-611</subfield>
      <subfield code="b">ger</subfield>
      <subfield code="d">9999</subfield>
    </datafield>
    <datafield tag="042" ind1=" " ind2=" ">
      <subfield code="a">gnd1</subfield>
    </datafield>
    <datafield tag="043" ind1=" " ind2=" ">
      <subfield code="c">XA-DE</subfield>
    </datafield>
    <datafield tag="075" ind1=" " ind2=" ">
      <subfield code="b">p</subfield>
      <subfield code="2">gndgen</subfield>
    </datafield>
    <datafield tag="075" ind1=" " ind2=" ">
      <subfield code="b">piz</subfield>
      <subfield code="2">gndspec</subfield>
    </datafield>
    <datafield tag="079" ind1=" " ind2=" ">
      <subfield code="a">g</subfield>
      <subfield code="q">z</subfield>
      <subfield code="q">a</subfield>
      <subfield code="q">f</subfield>
      <subfield code="u">k</subfield>
    </datafield>
    <datafield tag="100" ind1="1" ind2=" ">
      <subfield code="a">Magirus, David</subfield>
      <subfield code="d">1566-1635</subfield>
    </datafield>
    <datafield tag="375" ind1=" " ind2=" ">
      <subfield code="a">1</subfield>
      <subfield code="2">iso5218</subfield>
    </datafield>
    <datafield tag="400" ind1="1" ind2=" ">
      <subfield code="a">Magir, David</subfield>
      <subfield code="d">1566-1635</subfield>
    </datafield>
    <datafield tag="400" ind1="1" ind2=" ">
      <subfield code="a">Mageirus, David</subfield>
      <subfield code="d">1566-1635</subfield>
    </datafield>
    <datafield tag="400" ind1="1" ind2=" ">
      <subfield code="a">Maigeirus, David</subfield>
      <subfield code="d">1566-1635</subfield>
    </datafield>
    <datafield tag="500" ind1="1" ind2=" ">
      <subfield code="0">(DE-101)107757486X</subfield>
      <subfield code="0">(DE-588)107757486X</subfield>
      <subfield code="0">https://d-nb.info/gnd/107757486X</subfield>
      <subfield code="a">Andler, Johanna</subfield>
      <subfield code="d">1593-1638</subfield>
      <subfield code="4">bezf</subfield>
      <subfield code="4">https://d-nb.info/standards/elementset/gnd#familialRelationship</subfield>
      <subfield code="w">r</subfield>
      <subfield code="i">Beziehung familiaer</subfield>
      <subfield code="e">Beziehung familiaer</subfield>
      <subfield code="9">v:Tochter</subfield>
    </datafield>
    <datafield tag="500" ind1="1" ind2=" ">
      <subfield code="0">(DE-101)119223473</subfield>
      <subfield code="0">(DE-588)119223473</subfield>
      <subfield code="0">https://d-nb.info/gnd/119223473</subfield>
      <subfield code="a">Besold, Christoph</subfield>
      <subfield code="d">1577-1638</subfield>
      <subfield code="4">beza</subfield>
      <subfield code="4">https://d-nb.info/standards/elementset/gnd#acquaintanceshipOrFriendship</subfield>
      <subfield code="w">r</subfield>
      <subfield code="i">Bekanntschaft</subfield>
      <subfield code="e">Bekanntschaft</subfield>
      <subfield code="9">v:VD-16 Mitverf.</subfield>
    </datafield>
    <datafield tag="500" ind1="1" ind2=" ">
      <subfield code="a">Engelhart, Johannes</subfield>
      <subfield code="4">beza</subfield>
      <subfield code="4">https://d-nb.info/standards/elementset/gnd#acquaintanceshipOrFriendship</subfield>
      <subfield code="w">r</subfield>
      <subfield code="i">Bekanntschaft</subfield>
      <subfield code="e">Bekanntschaft</subfield>
      <subfield code="9">v:VD-16 Mitverf.</subfield>
    </datafield>
    <datafield tag="500" ind1="1" ind2=" ">
      <subfield code="0">(DE-101)119663805</subfield>
      <subfield code="0">(DE-588)119663805</subfield>
      <subfield code="0">https://d-nb.info/gnd/119663805</subfield>
      <subfield code="a">Entzlin, Matthaeus</subfield>
      <subfield code="d">1556-1613</subfield>
      <subfield code="4">beza</subfield>
      <subfield code="4">https://d-nb.info/standards/elementset/gnd#acquaintanceshipOrFriendship</subfield>
      <subfield code="w">r</subfield>
      <subfield code="i">Bekanntschaft</subfield>
      <subfield code="e">Bekanntschaft</subfield>
      <subfield code="9">v:VD-16 Mitverf.</subfield>
    </datafield>
    <datafield tag="500" ind1="1" ind2=" ">
      <subfield code="a">Faber, Joachim</subfield>
      <subfield code="4">beza</subfield>
      <subfield code="4">https://d-nb.info/standards/elementset/gnd#acquaintanceshipOrFriendship</subfield>
      <subfield code="w">r</subfield>
      <subfield code="i">Bekanntschaft</subfield>
      <subfield code="e">Bekanntschaft</subfield>
      <subfield code="9">v:Cannstatt; VD-16 Mitverf.</subfield>
    </datafield>
    <datafield tag="500" ind1="1" ind2=" ">
      <subfield code="a">Gemmingen, Johannes Wilhelm</subfield>
      <subfield code="4">beza</subfield>
      <subfield code="4">https://d-nb.info/standards/elementset/gnd#acquaintanceshipOrFriendship</subfield>
      <subfield code="w">r</subfield>
      <subfield code="i">Bekanntschaft</subfield>
      <subfield code="e">Bekanntschaft</subfield>
      <subfield code="9">v:VD-16 Mitverf.</subfield>
    </datafield>
    <datafield tag="500" ind1="1" ind2=" ">
      <subfield code="0">(DE-101)122826280</subfield>
      <subfield code="0">(DE-588)122826280</subfield>
      <subfield code="0">https://d-nb.info/gnd/122826280</subfield>
      <subfield code="a">Gemmingen, Reinhard &#152;von&#156;</subfield>
      <subfield code="d">1576-1635</subfield>
      <subfield code="4">beza</subfield>
      <subfield code="4">https://d-nb.info/standards/elementset/gnd#acquaintanceshipOrFriendship</subfield>
      <subfield code="w">r</subfield>
      <subfield code="i">Bekanntschaft</subfield>
      <subfield code="e">Bekanntschaft</subfield>
      <subfield code="9">v:VD-16 Mitverf.</subfield>
    </datafield>
    <datafield tag="500" ind1="1" ind2=" ">
      <subfield code="0">(DE-101)121200574</subfield>
      <subfield code="0">(DE-588)121200574</subfield>
      <subfield code="0">https://d-nb.info/gnd/121200574</subfield>
      <subfield code="a">Hohenfelder, Wolfgang</subfield>
      <subfield code="4">beza</subfield>
      <subfield code="4">https://d-nb.info/standards/elementset/gnd#acquaintanceshipOrFriendship</subfield>
      <subfield code="w">r</subfield>
      <subfield code="i">Bekanntschaft</subfield>
      <subfield code="e">Bekanntschaft</subfield>
      <subfield code="9">v:VD-16 Mitverf.</subfield>
    </datafield>
    <datafield tag="500" ind1="1" ind2=" ">
      <subfield code="0">(DE-101)119746093</subfield>
      <subfield code="0">(DE-588)119746093</subfield>
      <subfield code="0">https://d-nb.info/gnd/119746093</subfield>
      <subfield code="a">Lohet, Friedrich</subfield>
      <subfield code="4">beza</subfield>
      <subfield code="4">https://d-nb.info/standards/elementset/gnd#acquaintanceshipOrFriendship</subfield>
      <subfield code="w">r</subfield>
      <subfield code="i">Bekanntschaft</subfield>
      <subfield code="e">Bekanntschaft</subfield>
      <subfield code="9">v:VD-16 Mitverf.</subfield>
    </datafield>
    <datafield tag="500" ind1="1" ind2=" ">
      <subfield code="0">(DE-101)128524669</subfield>
      <subfield code="0">(DE-588)128524669</subfield>
      <subfield code="0">https://d-nb.info/gnd/128524669</subfield>
      <subfield code="a">Neuffer, Johannes Valentin</subfield>
      <subfield code="d">1572-1610</subfield>
      <subfield code="4">beza</subfield>
      <subfield code="4">https://d-nb.info/standards/elementset/gnd#acquaintanceshipOrFriendship</subfield>
      <subfield code="w">r</subfield>
      <subfield code="i">Bekanntschaft</subfield>
      <subfield code="e">Bekanntschaft</subfield>
      <subfield code="9">v:VD-16 Mitverf.</subfield>
    </datafield>
    <datafield tag="500" ind1="1" ind2=" ">
      <subfield code="0">(DE-101)119827808</subfield>
      <subfield code="0">(DE-588)119827808</subfield>
      <subfield code="0">https://d-nb.info/gnd/119827808</subfield>
      <subfield code="a">Schwellengrebel, Johannes</subfield>
      <subfield code="4">beza</subfield>
      <subfield code="4">https://d-nb.info/standards/elementset/gnd#acquaintanceshipOrFriendship</subfield>
      <subfield code="w">r</subfield>
      <subfield code="i">Bekanntschaft</subfield>
      <subfield code="e">Bekanntschaft</subfield>
      <subfield code="9">v:VD-16 Mitverf.</subfield>
    </datafield>
    <datafield tag="510" ind1="2" ind2=" ">
      <subfield code="0">(DE-101)000361879</subfield>
      <subfield code="0">(DE-588)36187-2</subfield>
      <subfield code="0">https://d-nb.info/gnd/36187-2</subfield>
      <subfield code="a">Eberhard Karls Universität Tübingen</subfield>
      <subfield code="4">affi</subfield>
      <subfield code="4">https://d-nb.info/standards/elementset/gnd#affiliation</subfield>
      <subfield code="w">r</subfield>
      <subfield code="i">Affiliation</subfield>
      <subfield code="e">Affiliation</subfield>
    </datafield>
    <datafield tag="548" ind1=" " ind2=" ">
      <subfield code="a">1566-1635</subfield>
      <subfield code="4">datl</subfield>
      <subfield code="4">https://d-nb.info/standards/elementset/gnd#dateOfBirthAndDeath</subfield>
      <subfield code="w">r</subfield>
      <subfield code="i">Lebensdaten</subfield>
      <subfield code="9">v:Anderslt. Lebensjahre: 1565 u. 1636</subfield>
    </datafield>
    <datafield tag="548" ind1=" " ind2=" ">
      <subfield code="a">06.01.1566-13.06.1635</subfield>
      <subfield code="4">datx</subfield>
      <subfield code="4">https://d-nb.info/standards/elementset/gnd#dateOfBirthAndDeath</subfield>
      <subfield code="w">r</subfield>
      <subfield code="i">Exakte Lebensdaten</subfield>
    </datafield>
    <datafield tag="550" ind1=" " ind2=" ">
      <subfield code="a">Professor</subfield>
      <subfield code="4">akad</subfield>
      <subfield code="4">https://d-nb.info/standards/elementset/gnd#academicDegree</subfield>
      <subfield code="w">r</subfield>
      <subfield code="i">Akademischer Grad</subfield>
    </datafield>
    <datafield tag="550" ind1=" " ind2=" ">
      <subfield code="0">(DE-101)040290506</subfield>
      <subfield code="0">(DE-588)4029050-5</subfield>
      <subfield code="0">https://d-nb.info/gnd/4029050-5</subfield>
      <subfield code="a">Jurist</subfield>
      <subfield code="4">berc</subfield>
      <subfield code="4">https://d-nb.info/standards/elementset/gnd#professionOrOccupation</subfield>
      <subfield code="w">r</subfield>
      <subfield code="i">Charakteristischer Beruf</subfield>
    </datafield>
    <datafield tag="551" ind1=" " ind2=" ">
      <subfield code="0">(DE-101)040622576</subfield>
      <subfield code="0">(DE-588)4062257-5</subfield>
      <subfield code="0">https://d-nb.info/gnd/4062257-5</subfield>
      <subfield code="a">Vaihingen an der Enz</subfield>
      <subfield code="4">ortg</subfield>
      <subfield code="4">https://d-nb.info/standards/elementset/gnd#placeOfBirth</subfield>
      <subfield code="w">r</subfield>
      <subfield code="i">Geburtsort</subfield>
    </datafield>
    <datafield tag="551" ind1=" " ind2=" ">
      <subfield code="0">(DE-101)040582825</subfield>
      <subfield code="0">(DE-588)4058282-6</subfield>
      <subfield code="0">https://d-nb.info/gnd/4058282-6</subfield>
      <subfield code="a">Stuttgart</subfield>
      <subfield code="4">orts</subfield>
      <subfield code="4">https://d-nb.info/standards/elementset/gnd#placeOfDeath</subfield>
      <subfield code="w">r</subfield>
      <subfield code="i">Sterbeort</subfield>
    </datafield>
    <datafield tag="667" ind1=" " ind2=" ">
      <subfield code="a">12</subfield>
    </datafield>
    <datafield tag="667" ind1=" " ind2=" ">
      <subfield code="a">7</subfield>
    </datafield>
    <datafield tag="667" ind1=" " ind2=" ">
      <subfield code="a">VD-17</subfield>
    </datafield>
    <datafield tag="667" ind1=" " ind2=" ">
      <subfield code="a">VD-16</subfield>
    </datafield>
    <datafield tag="672" ind1=" " ind2="0">
      <subfield code="a">Praelectiones ad postr. duos Digest. Titulos de verborum significatione et *</subfield>
      <subfield code="f">1628</subfield>
    </datafield>
    <datafield tag="672" ind1=" " ind2="0">
      <subfield code="a">Discursus insignis de Lege regia</subfield>
      <subfield code="f">1619</subfield>
    </datafield>
    <datafield tag="672" ind1=" " ind2="0">
      <subfield code="a">Disputatio inauguralis de Lege regia</subfield>
      <subfield code="f">1728</subfield>
    </datafield>
    <datafield tag="672" ind1=" " ind2="0">
      <subfield code="a">Positiones iur. de aestimatione rei debitae</subfield>
      <subfield code="f">1614</subfield>
    </datafield>
    <datafield tag="672" ind1=" " ind2="0">
      <subfield code="a">Conclusiones de arrestis</subfield>
      <subfield code="f">1612</subfield>
    </datafield>
    <datafield tag="672" ind1=" " ind2="0">
      <subfield code="a">De fideiussoribus conclusiones</subfield>
      <subfield code="f">1595</subfield>
    </datafield>
    <datafield tag="672" ind1=" " ind2="0">
      <subfield code="a">Homicidii analysis</subfield>
      <subfield code="f">1596</subfield>
    </datafield>
    <datafield tag="672" ind1=" " ind2="0">
      <subfield code="a">Disp. de iniuriis et famosis libellis</subfield>
      <subfield code="f">1613</subfield>
    </datafield>
    <datafield tag="672" ind1=" " ind2="0">
      <subfield code="a">Machtolf, Johann Conrad: Laurea Philosophica, Prima, Collata Ritu Veteri, ... </subfield>
      <subfield code="f">1604</subfield>
    </datafield>
    <datafield tag="672" ind1=" " ind2="0">
      <subfield code="a">Entzlin, Matthaeus: DE TESTAMENTORVM ORDINATIONE QVAEDAM PROPOSI TIONES. Quas ... SVB PRAESIDIO ... ...  1587.  (VD16 E 1422)</subfield>
    </datafield>
    <datafield tag="672" ind1=" " ind2="0">
      <subfield code="a">Magirus, David: AD QVAESTIONES sequentes, EX PRIMAE INSTANTIAE PROCESsu Iudiciario desumptas Adiuvante ...  1598.  (VD16 ZV 10249)</subfield>
    </datafield>
    <datafield tag="672" ind1=" " ind2="0">
      <subfield code="a">Magirus, David: SOLEMNIS DISPVTATIO DE USURIS ET ANNVIS REDITIBVS. XXX. INSIGNIORIBVS ...  1600.  (VD16 ZV 16444)</subfield>
    </datafield>
    <datafield tag="672" ind1=" " ind2="0">
      <subfield code="a">Magirus, David: Disputatio DE VSVRIS ET MORA, QVAM, CONSENSV ET AVTHORItate Ampliss. Collegij Facultatis ...  1595.  (VD16 M 188)</subfield>
    </datafield>
    <datafield tag="672" ind1=" " ind2="0">
      <subfield code="a">Magirus, David: Assertiones EX MATERIA TESTAMENTORVM SELECTAE IN QVIBVS DEFENDENDIS ... PRAESIDE ...  1596.  (VD16 M 181)</subfield>
    </datafield>
    <datafield tag="672" ind1=" " ind2="0">
      <subfield code="a">Magirus, David: Positiones dubiae. DE VSVCAPIONIBVS ET PRAESCRIPTIONIBVS. QVAS ... PRAESIDE ... DN. ...  1597.  (VD16 M 191)</subfield>
    </datafield>
    <datafield tag="672" ind1=" " ind2="0">
      <subfield code="a">Magirus, David: ... DVODEVIGINTI HAS CONTROVERSI Iuris Theses. ... AVCTORITATE ... IVRISconsultorum in ...  1600.  (VD16 ZV 16446)</subfield>
    </datafield>
    <datafield tag="672" ind1=" " ind2="0">
      <subfield code="a">Magirus, David: DE USURIS QUAESTIONES ALIQVOT, QVARVM DECISIONEM, ... in alma Academia Tubingensi, ...  1598.  (VD16 M 194)</subfield>
    </datafield>
    <datafield tag="672" ind1=" " ind2="0">
      <subfield code="a">Magirus, David: HOMICIDII \=GANALYSIS.\=g HANC ... PRAESIDE CLARISS. ET EMINENTISS.I.V. D. ET ...  1596.  (VD16 M 190)</subfield>
    </datafield>
    <datafield tag="672" ind1=" " ind2="0">
      <subfield code="a">Magirus, David: Disputatio DE SVCCESSIONE LEGITIMA, SIVE AB INTESTATO: QVAM, D.O.M.A. PRAESIDE ...  1595.  (VD16 M 187)</subfield>
    </datafield>
    <datafield tag="678" ind1=" " ind2=" ">
      <subfield code="b">Imm. Tübingen 14.7.1581, Bacc. 26.9.1582, Mag. 17.2.1585, J.U.D. 23.2.1591. Prof. jur. in Tübingen 1592-1635. 1607 zugl. brandenburgischer Rat</subfield>
    </datafield>
    <datafield tag="913" ind1=" " ind2=" ">
      <subfield code="S">pnd</subfield>
      <subfield code="i">a</subfield>
      <subfield code="a">Magirus, David</subfield>
      <subfield code="0">(DE-588a)116661283</subfield>
    </datafield>
  </record>
